<?xml version="1.0" encoding="UTF-8"?><record xmlns="http://www.loc.gov/MARC21/slim" xmlns:cinclude="http://apache.org/cocoon/include/1.0" xmlns:zs="http://www.loc.gov/zing/srw/">
  <leader>00700cz  a2200217n  4500</leader>
  <controlfield tag="001">n  97082644 </controlfield>
  <controlfield tag="003">DLC</controlfield>
  <controlfield tag="008">970818n| acaaaaaan          |a ana      </controlfield>
  <controlfield tag="005">19991208071820.0</controlfield>
  <datafield tag="010" ind1=" " ind2=" ">
    <subfield code="a">n  97082644 </subfield>
  </datafield>
  <datafield tag="035" ind1=" " ind2=" ">
    <subfield code="a">(OCoLC)oca04409767</subfield>
  </datafield>
  <datafield tag="040" ind1=" " ind2=" ">
    <subfield code="a">DLC</subfield>
    <subfield code="c">DLC</subfield>
    <subfield code="d">NNC</subfield>
  </datafield>
  <datafield tag="130" ind1=" " ind2="0">
    <subfield code="a">Musica e musicisti nel Lazio</subfield>
  </datafield>
  <datafield tag="530" ind1=" " ind2="0">
    <subfield code="w">b</subfield>
    <subfield code="a">Musica e musicisti nel Lazio (Unnumbered)</subfield>
  </datafield>
  <datafield tag="642" ind1=" " ind2=" ">
    <subfield code="a">3</subfield>
    <subfield code="5">DLC</subfield>
  </datafield>
  <datafield tag="643" ind1=" " ind2=" ">
    <subfield code="a">Palestrina, Italy</subfield>
    <subfield code="b">Fondazione Giovanni Pierluigi da Palestrina</subfield>
  </datafield>
  <datafield tag="644" ind1=" " ind2=" ">
    <subfield code="a">f</subfield>
    <subfield code="5">DLC</subfield>
  </datafield>
  <datafield tag="645" ind1=" " ind2=" ">
    <subfield code="a">t</subfield>
    <subfield code="5">DPCC</subfield>
    <subfield code="5">DLC</subfield>
  </datafield>
  <datafield tag="646" ind1=" " ind2=" ">
    <subfield code="a">s</subfield>
    <subfield code="5">DLC</subfield>
  </datafield>
  <datafield tag="670" ind1=" " ind2=" ">
    <subfield code="a">Palestrina, 1996:</subfield>
    <subfield code="b">t.p. verso (Musica e musicisti nel Lazio)</subfield>
  </datafield>
  <datafield tag="675" ind1=" " ind2=" ">
    <subfield code="a">Ruggero Giovannelli, 1998: ser. t.p. (Musica e musicisti nel Lazio [unnumbered])</subfield>
  </datafield>
</record>